<?xml version="1.0" encoding="UTF-8"?>
<OAI-PMH xmlns="http://www.openarchives.org/OAI/2.0/" xmlns:xsi="http://www.w3.org/2001/XMLSchema-instance" xsi:schemaLocation="http://www.openarchives.org/OAI/2.0/ http://www.openarchives.org/OAI/2.0/OAI-PMH.xsd">
  <ListRecords>
    <record>
      <header>
        <identifier>aleph-publish:005421555</identifier>
      </header>
      <metadata>
        <record xmlns="http://www.ddb.de/professionell/mabxml/mabxml-1.xsd">
          <leader>00000nM2.01200024------h</leader>
          <controlfield tag="LDR">00000nM2.01200024------h</controlfield>
          <controlfield tag="FMT">MH</controlfield>
          <datafield tag="001" ind1="-" ind2="1">
            <subfield code="a">HT002619538</subfield>
          </datafield>
          <datafield tag="002" ind1="a" ind2="1">
            <subfield code="a">19991118</subfield>
          </datafield>
          <datafield tag="003" ind1="-" ind2="1">
            <subfield code="a">20220903040324</subfield>
          </datafield>
          <datafield tag="020" ind1="a" ind2="1">
            <subfield code="a">1257-9</subfield>
            <subfield code="b">DNB</subfield>
          </datafield>
          <datafield tag="025" ind1="a" ind2="1">
            <subfield code="a">010014802</subfield>
          </datafield>
          <datafield tag="025" ind1="z" ind2="1">
            <subfield code="a">1257-9</subfield>
          </datafield>
          <datafield tag="025" ind1="o" ind2="1">
            <subfield code="a">645358650</subfield>
          </datafield>
          <datafield tag="026" ind1="-" ind2="1">
            <subfield code="a">ZDB1257-9</subfield>
          </datafield>
          <controlfield tag="030">a||u|||||||37</controlfield>
          <datafield tag="036" ind1="a" ind2="1">
            <subfield code="a">XA-CH</subfield>
          </datafield>
          <datafield tag="037" ind1="b" ind2="1">
            <subfield code="a">eng</subfield>
            <subfield code="a">fre</subfield>
            <subfield code="a">rus</subfield>
          </datafield>
          <controlfield tag="050">a|a|||||||||||</controlfield>
          <controlfield tag="052">pst||||t|||||||</controlfield>
          <datafield tag="060" ind1="-" ind2="1">
            <subfield code="b">txt</subfield>
            <subfield code="a">Text</subfield>
          </datafield>
          <datafield tag="061" ind1="-" ind2="1">
            <subfield code="b">n</subfield>
            <subfield code="a">ohne Hilfsmittel zu benutzen</subfield>
          </datafield>
          <datafield tag="062" ind1="-" ind2="1">
            <subfield code="b">nc</subfield>
            <subfield code="a">Band</subfield>
          </datafield>
          <datafield tag="064" ind1="a" ind2="1">
            <subfield code="a">Zeitschrift</subfield>
            <subfield code="9">(DE-588)4067488-5</subfield>
          </datafield>
          <datafield tag="064" ind1="a" ind2="1">
            <subfield code="a">Statistik</subfield>
            <subfield code="9">(DE-588)4056995-0</subfield>
          </datafield>
          <datafield tag="070" ind1="-" ind2="1">
            <subfield code="a">9001</subfield>
          </datafield>
          <datafield tag="070" ind1="a" ind2="1">
            <subfield code="a">DNB</subfield>
          </datafield>
          <datafield tag="070" ind1="b" ind2="1">
            <subfield code="a">9999</subfield>
          </datafield>
          <datafield tag="200" ind1="b" ind2="1">
            <subfield code="k">Vereinte Nationen</subfield>
            <subfield code="b">Wirtschaftskommission für Europa</subfield>
            <subfield code="4">isb</subfield>
            <subfield code="3">Herausgebendes Organ</subfield>
            <subfield code="9">(DE-588)2023669-4</subfield>
          </datafield>
          <datafield tag="201" ind1="-" ind2="1">
            <subfield code="k">UNECE</subfield>
          </datafield>
          <datafield tag="201" ind1="-" ind2="1">
            <subfield code="k">Vereinte Nationen</subfield>
            <subfield code="b">Economic Commission for Europe</subfield>
          </datafield>
          <datafield tag="201" ind1="-" ind2="1">
            <subfield code="k">UN-ECE</subfield>
          </datafield>
          <datafield tag="201" ind1="-" ind2="1">
            <subfield code="k">Wirtschaftskommission für Europa</subfield>
          </datafield>
          <datafield tag="201" ind1="-" ind2="1">
            <subfield code="k">Wirtschaftskommission der Vereinten Nationen für Europa</subfield>
          </datafield>
          <datafield tag="201" ind1="-" ind2="1">
            <subfield code="k">Vereinte Nationen</subfield>
            <subfield code="b">Commission économique pour l'Europe</subfield>
          </datafield>
          <datafield tag="201" ind1="-" ind2="1">
            <subfield code="k">CEE</subfield>
          </datafield>
          <datafield tag="201" ind1="-" ind2="1">
            <subfield code="k">Vereinte Nationen</subfield>
            <subfield code="b">Evropejskaja Ėkonomičeskaja Komissija</subfield>
          </datafield>
          <datafield tag="201" ind1="-" ind2="1">
            <subfield code="k">Evropejskaja Ėkonomičeskaja Komissija</subfield>
          </datafield>
          <datafield tag="201" ind1="-" ind2="1">
            <subfield code="k">Europäische Wirtschaftskommission</subfield>
          </datafield>
          <datafield tag="201" ind1="-" ind2="1">
            <subfield code="k">Vereinte Nationen</subfield>
            <subfield code="b">Wirtschafts- und Sozialrat</subfield>
            <subfield code="b">Wirtschaftskommission für Europa</subfield>
          </datafield>
          <datafield tag="201" ind1="-" ind2="1">
            <subfield code="k">Vereinte Nationen</subfield>
            <subfield code="b">Ėkonomičeskaja Komissija dlja Evropy</subfield>
          </datafield>
          <datafield tag="201" ind1="-" ind2="1">
            <subfield code="k">Ėkonomičeskaja Komissija dlja Evropy</subfield>
          </datafield>
          <datafield tag="201" ind1="-" ind2="1">
            <subfield code="k">Vereinte Nationen</subfield>
            <subfield code="b">Wirtschaftsausschuss für Europa</subfield>
          </datafield>
          <datafield tag="201" ind1="-" ind2="1">
            <subfield code="k">Wirtschaftsausschuss für Europa</subfield>
          </datafield>
          <datafield tag="201" ind1="-" ind2="1">
            <subfield code="k">Vereinte Nationen</subfield>
            <subfield code="b">Európai Gazdasági Bizottság</subfield>
          </datafield>
          <datafield tag="201" ind1="-" ind2="1">
            <subfield code="k">Európai Gazdasági Bizottság</subfield>
          </datafield>
          <datafield tag="201" ind1="-" ind2="1">
            <subfield code="k">ECE</subfield>
          </datafield>
          <datafield tag="201" ind1="-" ind2="1">
            <subfield code="k">Commission économique pour l'Europe</subfield>
          </datafield>
          <datafield tag="201" ind1="-" ind2="1">
            <subfield code="k">Vereinte Nationen</subfield>
            <subfield code="b">Europäische Wirtschaftskommission</subfield>
          </datafield>
          <datafield tag="201" ind1="-" ind2="1">
            <subfield code="k">Economic Commission for Europe</subfield>
          </datafield>
          <datafield tag="201" ind1="-" ind2="1">
            <subfield code="k">Nations Unies</subfield>
            <subfield code="b">Commission Economique pour l'Europe</subfield>
          </datafield>
          <datafield tag="201" ind1="-" ind2="1">
            <subfield code="k">United Nations Economic Commission for Europe</subfield>
          </datafield>
          <datafield tag="201" ind1="-" ind2="1">
            <subfield code="k">Vereinte Nationen</subfield>
            <subfield code="b">Commissione economica per l'Europa</subfield>
          </datafield>
          <datafield tag="201" ind1="-" ind2="1">
            <subfield code="k">Commissione economica per l'Europa</subfield>
          </datafield>
          <datafield tag="201" ind1="-" ind2="1">
            <subfield code="k">Vereinte Nationen</subfield>
            <subfield code="b">Ėkonomičeskaja komissija dlja Evropy</subfield>
          </datafield>
          <datafield tag="201" ind1="-" ind2="1">
            <subfield code="k">Ėkonomičeskaja komissija dlja Evropy</subfield>
          </datafield>
          <datafield tag="201" ind1="-" ind2="1">
            <subfield code="k">Vereinte Nationen</subfield>
            <subfield code="b">European Economic Commission</subfield>
          </datafield>
          <datafield tag="201" ind1="-" ind2="1">
            <subfield code="k">European Economic Commission</subfield>
          </datafield>
          <datafield tag="201" ind1="-" ind2="1">
            <subfield code="k">Europäische Wirtschaftskommission der Vereinten Nationen</subfield>
          </datafield>
          <datafield tag="201" ind1="-" ind2="1">
            <subfield code="k">United Nations</subfield>
            <subfield code="b">Economic Commission for Europe</subfield>
          </datafield>
          <datafield tag="331" ind1="-" ind2="1">
            <subfield code="a">Annual bulletin of transport statistics for Europe and North America</subfield>
          </datafield>
          <datafield tag="341" ind1="-" ind2="1">
            <subfield code="a">Bulletin annuel de statistiques des transports pour l'Europe et l'Amérique du Nord</subfield>
          </datafield>
          <datafield tag="345" ind1="-" ind2="1">
            <subfield code="a">Ežegodnyj bjulleten' statistiki transporta dlja Evropy i Severnoj Ameriki</subfield>
          </datafield>
          <datafield tag="359" ind1="-" ind2="1">
            <subfield code="a">Economic Commission for Europe, Transport Division, United Nations</subfield>
          </datafield>
          <datafield tag="370" ind1="a" ind2="1">
            <subfield code="a">Bulletin annuel de statistiques des transports pour l'Europe et l'Amérique du Nord</subfield>
          </datafield>
          <datafield tag="370" ind1="a" ind2="1">
            <subfield code="a">Ežegodnyj bjulleten' statistiki transporta dlja Evropy i Severnoj Ameriki</subfield>
          </datafield>
          <datafield tag="370" ind1="a" ind2="1">
            <subfield code="a">Bulletin annuel de statistiques des transports pour l'Europe et l'Amérique du Nord</subfield>
          </datafield>
          <datafield tag="370" ind1="a" ind2="1">
            <subfield code="a">Ežegodnyj bjulleten' statistiki transporta dlja Evropy i Severnoj Ameriki</subfield>
          </datafield>
          <datafield tag="375" ind1="e" ind2="1">
            <subfield code="a">Annual bulletin of transport statistics for Europe</subfield>
            <subfield code="f">Hauptsacht. bis 44.1994</subfield>
          </datafield>
          <datafield tag="375" ind1="e" ind2="1">
            <subfield code="a">Bulletin annuel de statistiques de transports européens</subfield>
            <subfield code="f">Parallelsacht. bis 44.1994</subfield>
          </datafield>
          <datafield tag="375" ind1="e" ind2="1">
            <subfield code="a">Ežegodnyj bjulleten' evropejskoj statistiki transporta</subfield>
            <subfield code="f">Parallelsacht. bis 44.1994</subfield>
          </datafield>
          <datafield tag="405" ind1="-" ind2="1">
            <subfield code="a">6.1954(1955) - 52.2004</subfield>
          </datafield>
          <datafield tag="406" ind1="a" ind2="1">
            <subfield code="d">6</subfield>
            <subfield code="j">1954</subfield>
            <subfield code="n">52</subfield>
            <subfield code="k">2004</subfield>
          </datafield>
          <datafield tag="419" ind1="-" ind2="1">
            <subfield code="a">Genève [u.a.]</subfield>
            <subfield code="b">UN</subfield>
            <subfield code="c">1955-2004</subfield>
            <subfield code="A">3</subfield>
          </datafield>
          <datafield tag="425" ind1="b" ind2="1">
            <subfield code="a">1955</subfield>
          </datafield>
          <datafield tag="425" ind1="c" ind2="1">
            <subfield code="a">2004</subfield>
          </datafield>
          <datafield tag="516" ind1="a" ind2="1">
            <subfield code="a">Text engl., franz. u. russ.</subfield>
          </datafield>
          <datafield tag="537" ind1="-" ind2="1">
            <subfield code="a">FA!C!89!(04-07-05)</subfield>
          </datafield>
          <datafield tag="542" ind1="a" ind2="1">
            <subfield code="a">0066-3859</subfield>
          </datafield>
          <datafield tag="542" ind1="a" ind2="1">
            <subfield code="a">0250-9911</subfield>
          </datafield>
          <datafield tag="700" ind1="-" ind2="1">
            <subfield code="a">050</subfield>
            <subfield code="2">DNB</subfield>
          </datafield>
          <datafield tag="700" ind1="-" ind2="1">
            <subfield code="a">310</subfield>
            <subfield code="2">ZDB</subfield>
          </datafield>
          <datafield tag="780" ind1="-" ind2="1">
            <subfield code="i">Vorg.:</subfield>
            <subfield code="t">Annual bulletin of transport statistics</subfield>
            <subfield code="d">Genève, 1950-1955</subfield>
            <subfield code="A">0</subfield>
            <subfield code="9">HT007026410</subfield>
          </datafield>
          <datafield tag="785" ind1="-" ind2="1">
            <subfield code="i">Forts. als Online-Ausg.</subfield>
            <subfield code="t">Annual bulletin of transport statistics for Europe and North America</subfield>
            <subfield code="d">New York, NY [u.a.] : United Nations, 2004-2008</subfield>
            <subfield code="h">Online-Ressource</subfield>
            <subfield code="A">0</subfield>
            <subfield code="9">HT014419735</subfield>
          </datafield>
          <controlfield tag="SYS">005421555</controlfield>
          <datafield tag="LOW" ind1="-" ind2="1">
            <subfield code="a">K0001</subfield>
          </datafield>
          <datafield tag="LOW" ind1="-" ind2="1">
            <subfield code="a">B0001</subfield>
          </datafield>
          <datafield tag="LOW" ind1="-" ind2="1">
            <subfield code="a">Q0001</subfield>
          </datafield>
          <datafield tag="088" ind1=" " ind2=" ">
            <subfield code="a">294</subfield>
            <subfield code="b">Zeitschriften</subfield>
            <subfield code="c">ZRC 828</subfield>
            <subfield code="d">29.1977(1978) - 52.2004</subfield>
          </datafield>
          <datafield tag="088" ind1=" " ind2=" ">
            <subfield code="a">38</subfield>
            <subfield code="c">Sh13</subfield>
            <subfield code="d">6.1954(1955) - 52.2004</subfield>
          </datafield>
          <datafield tag="088" ind1=" " ind2=" ">
            <subfield code="a">5</subfield>
            <subfield code="c">Z 4' 66/103</subfield>
            <subfield code="d">14.1962(1963)</subfield>
          </datafield>
          <datafield tag="200" ind1=" " ind2="9">
            <subfield code="0">1</subfield>
            <subfield code="b">29.1977(1978) - 52.2004</subfield>
            <subfield code="f">ZRC 828</subfield>
            <subfield code="g">Zeitschriften</subfield>
            <subfield code="h">HB: 760-ZV-075</subfield>
            <subfield code="2">B0001</subfield>
          </datafield>
          <datafield tag="200" ind1=" " ind2="9">
            <subfield code="0">1</subfield>
            <subfield code="b">6.1954(1955) - 52.2004</subfield>
            <subfield code="f">Sh13</subfield>
            <subfield code="2">K0001</subfield>
          </datafield>
          <datafield tag="200" ind1=" " ind2="9">
            <subfield code="0">1</subfield>
            <subfield code="b">14.1962(1963)</subfield>
            <subfield code="f">Z 4' 66/103</subfield>
            <subfield code="2">Q0001</subfield>
          </datafield>
        </record>
      </metadata>
    </record>
  </ListRecords>
</OAI-PMH>
